@book{miller2016college,
  title     = {College Algebra},
  author    = {Miller, Julie and Gerken, Donna},
  edition   = {2nd},
  year      = {2016},
  publisher = {McGraw-Hill Education},
  address   = {New York},
  isbn      = {9780077836344}
}

